@book{pugh1993,
  title={Total design: integrated methods for successful product engineering},
  author={Pugh, Stuart},
  year={1993},
  publisher={Wokingham, England}
}