@article{mileham1993,
  doi = {10.1080/09544829308914776},
  url = {https://doi.org/10.1080%2F09544829308914776},
  year = 1993,
  month = {jan},
  publisher = {Informa {UK} Limited},
  volume = {4},
  number = {2},
  pages = {117--125},
  author = {A. R. Mileham and G. C. Currie and A. W. Miles and D. T. Bradford},
  title = {A Parametric Approach to Cost Estimating at the Conceptual Stage of Design},
  journal = {Journal of Engineering Design}
}

@misc{fielden1963,
  title={Engineering Design (The Fielden Report)},
  author={Fielden, GBR},
  publisher={London, HMSO},
  year={1963}
}

@book{ullman2002,
  title={The mechanical design process},
  author={Ullman, David G},
  year={2002},
  publisher={McGraw-Hill Science/Engineering/Math}
}

@article{corbett1986,
  doi = {10.1016/s0007-8506(07)61846-0},
  url = {https://doi.org/10.1016%2Fs0007-8506%2807%2961846-0},
  year = 1986,
  publisher = {Elsevier {BV}},
  volume = {35},
  number = {1},
  pages = {93--97},
  author = {J. Corbett and J.R. Crookall},
  title = {Design for Economic Manufacture},
  journal = {{CIRP} Annals}
}