@book{clifford2012,
  title={An introduction to mechanical engineering},
  author={Clifford, Michael and Simmons, Kathy and Shipway, Philip},
  year={2012},
  publisher={CRC Press}
}