@book{buxton2010,
  title={Sketching user experiences: getting the design right and the right design},
  author={Buxton, Bill},
  year={2010},
  publisher={Morgan Kaufmann}
}

@inproceedings{design2018,
  title={Examining Bias in Construction Kits},
  author={Gopsill, James A.},
  booktitle={Proceedings of the International Conference on DESIGN},
  year={2018}
}