@article{wynn2017,
author="Wynn, David C.
and Clarkson, P. John",
title="Process models in design and development",
journal="Research in Engineering Design",
year="2017",
month="Jul",
day="12",
issn="1435-6066",
doi="10.1007/s00163-017-0262-7",
url="https://doi.org/10.1007/s00163-017-0262-7"
}

@book{pahl2013,
  title={Engineering design: a systematic approach},
  author={Pahl, Gerhard and Beitz, Wolfgang},
  year={2013},
  publisher={Springer Science \& Business Media}
}

@article{council2007,
  title={A study of the design process},
  author={Design Council},
  journal={UK Design Council},
  volume={44},
  pages={1--144},
  year={2007}
}